@Article{tenaillon,
author = {Zerjal and Rousselet and Mhiri and Combes and Madur and Grandbastien and Charcosset and Tenaillon},
title = {Maize genetic diversity and association mapping using transposable element insertion polymorphisms},
year = {2011}
}


@Article{durand_standing_2010,
  Title                    = {Standing variation and new mutations both contribute to a fast response to selection for flowering time in maize inbreds},
  Author                   = {Durand, Eléonore and Tenaillon, Maud I and Ridel, Céline and Coubriche, Denis and Jamin, Philippe and Jouanne, Sophie and Ressayre, Adrienne and Charcosset, Alain and Dillmann, Christine},
  Journal                  = {{BMC} Evol. Biol.},
  Year                     = {2010},
  Note                     = {{PMID:} 20047647 {PMCID:} {PMC2837650}},
  Pages                    = {2},
  Volume                   = {10},
  Doi                      = {10.1186/1471-2148-10-2},
  ISSN                     = {1471-2148},
}
