

@Article{tenaillon,
author = {Zerjal and Rousselet and Mhiri and Combes and Madur and Grandbastien and Charcosset and Tenaillon},
title = {Maize genetic diversity and association mapping using transposable element insertion polymorphisms},
year = {2011}
}

@article{basso_divergent_2008,
	title = {Divergent {Selection} for {Vegetative} {Phase} {Change} in {Maize} and {Indirect} {Effects} on {Response} to},
	volume = {48},
	issn = {1435-0653},
	url = {https://www.crops.org/publications/cs/abstracts/48/3/992},
	doi = {10.2135/cropsci2007.08.0476},
	language = {en},
	number = {3},
	urldate = {2015-05-26},
	journal = {Crop Science},
	author = {Basso, C. F. and Hurkman, M. M. and Riedeman, E. S. and Tracy, W. F.},
	year = {2008},
	pages = {992}
}

@book{thomas_biologie_2010,
	address = {Bruxelles},
	edition = {Première édition},
	title = {Biologie évolutive},
	isbn = {9782804101619},
	abstract = {La communauté francophone de chercheurs et enseignant-chercheurs en biologie évolutive, forte de sa richesse et sa diversité, a souhaité produire un ouvrage de référence destiné aux chercheurs francophones et aux étudiants en Master et Doctorat. BIOLOGIE EVOLUTIVE aborde tous les grands thèmes de la Biologie évolutive, tels que la génétique des populations et des métapopulations, l écologie comportementale, les analyses phylogénétiques, l évolution des traits d histoire de vie, l évolution moléculaire, la biologie évolutive humaine, les interactions entre espèces, l évolution du sexe, l évolution expérimentale etc...Un ouvrage idéal pour se mettre à niveau dans un domaine à la pointe de la recherche qui reste 150 ans après Darwin, à la pointe de la recherche.},
	language = {Français},
	publisher = {DE BOECK UNIVERSITE},
	author = {Thomas, Frédéric and Lefevre, Thierry and Raymond, Michel},
	year = {2010}
}


@Article{durand_standing_2010,
  Title                    = {Standing variation and new mutations both contribute to a fast response to selection for flowering time in maize inbreds},
  Author                   = {Durand, Eléonore and Tenaillon, Maud I and Ridel, Céline and Coubriche, Denis and Jamin, Philippe and Jouanne, Sophie and Ressayre, Adrienne and Charcosset, Alain and Dillmann, Christine},
  Journal                  = {{BMC} Evol. Biol.},
  Year                     = {2010},
  Note                     = {{PMID:} 20047647 {PMCID:} {PMC2837650}},
  Pages                    = {2},
  Volume                   = {10},
  Doi                      = {10.1186/1471-2148-10-2},
  ISSN                     = {1471-2148},
}


@Article{bertrand_2013,
	Title = {Analyse de la réponse à la sélection dans une expérience de sélection divergente pour la précocité de floraison chez le maïs},
	Author = {Bertrand, Emmeline},
	Journal = {Univ Paris-Sud},
	Volume = {Rapport stage L2},
	Year = {2013},
}
