
@misc{center_for_history_and_new_media_guide_????,
	title = {Guide rapide pour débuter},
	url = {http://zotero.org/support/quick_start_guide},
	author = {{Center for History and New Media}},
	annote = {Bienvenue dans Zotero !Visualiser le guide rapide pour apprendre et commencer à collecter, gérer, citer et partager vos sources de recherche.Merci d'avoir installé Zotero.}
}

@article{basso_divergent_2008,
	title = {Divergent {Selection} for {Vegetative} {Phase} {Change} in {Maize} and {Indirect} {Effects} on {Response} to},
	volume = {48},
	issn = {1435-0653},
	url = {https://www.crops.org/publications/cs/abstracts/48/3/992},
	doi = {10.2135/cropsci2007.08.0476},
	language = {en},
	number = {3},
	urldate = {2015-05-26},
	journal = {Crop Science},
	author = {Basso, C. F. and Hurkman, M. M. and Riedeman, E. S. and Tracy, W. F.},
	year = {2008},
	pages = {992}
}

@misc{_encyclopelarousse_????,
	title = {Encyclopédie {Larousse} en ligne - mutation latin mutare changer},
	url = {http://www.larousse.fr/encyclopedie/divers/mutation/72280},
	abstract = {Modification survenant dans la séquence de l'ADN d'une cellule et pouvant entraîner la disparition d'un caractère préexistant ou l'apparition d'un...},
	urldate = {2015-05-26},
	file = {Snapshot:/home/stagiaire/.mozilla/firefox/3c64jdl2.default/zotero/storage/M3XVKW78/72280.html:text/html}
}

@misc{_encyclopelarousse_????-1,
	title = {Encyclopédie {Larousse} en ligne - mutation latin mutare changer},
	url = {http://www.larousse.fr/encyclopedie/divers/mutation/72280},
	abstract = {Modification survenant dans la séquence de l'ADN d'une cellule et pouvant entraîner la disparition d'un caractère préexistant ou l'apparition d'un...},
	urldate = {2015-05-26},
	file = {Snapshot:/home/stagiaire/.mozilla/firefox/3c64jdl2.default/zotero/storage/EKKQBFXA/72280.html:text/html}
}

@misc{_encyclopelarousse_????-2,
	title = {Encyclopédie {Larousse} en ligne - mutation latin mutare changer},
	url = {http://www.larousse.fr/encyclopedie/divers/mutation/72280},
	abstract = {Modification survenant dans la séquence de l'ADN d'une cellule et pouvant entraîner la disparition d'un caractère préexistant ou l'apparition d'un...},
	urldate = {2015-05-26},
	file = {Snapshot:/home/stagiaire/.mozilla/firefox/3c64jdl2.default/zotero/storage/S69ZJNUD/72280.html:text/html}
}

@book{thomas_biologie_2010,
	address = {Bruxelles},
	edition = {Première édition},
	title = {Biologie évolutive},
	isbn = {9782804101619},
	abstract = {La communauté francophone de chercheurs et enseignant-chercheurs en biologie évolutive, forte de sa richesse et sa diversité, a souhaité produire un ouvrage de référence destiné aux chercheurs francophones et aux étudiants en Master et Doctorat. BIOLOGIE EVOLUTIVE aborde tous les grands thèmes de la Biologie évolutive, tels que la génétique des populations et des métapopulations, l écologie comportementale, les analyses phylogénétiques, l évolution des traits d histoire de vie, l évolution moléculaire, la biologie évolutive humaine, les interactions entre espèces, l évolution du sexe, l évolution expérimentale etc...Un ouvrage idéal pour se mettre à niveau dans un domaine à la pointe de la recherche qui reste 150 ans après Darwin, à la pointe de la recherche.},
	language = {Français},
	publisher = {DE BOECK UNIVERSITE},
	author = {Thomas, Frédéric and Lefevre, Thierry and Raymond, Michel},
	year = {2010}
}