@Article{tenaillon,
author = {Zerjal and Rousselet and Mhiri and Combes and Madur and Grandbastien and Charcosset and Tenaillon},
title = {Maize genetic diversity and association mapping using transposable element insertion polymorphisms},
year = {2011}
}
@Article{tenaillon2,
author = {Zerjal and Rousselet and Mhiri and Combes and Madur and Grandbastien and Charcosset and Tenaillon},
title = {Maize genetic diversity and association mapping using transposable element insertion polymorphisms},
year = {2012}
}